@misc{ref: niche,
author = {Zhu, Gengping and Gutierrez Illan, Javier and Looney, Chris and Crowder, David W.},
title = {Assessing the ecological niche and invasion potential of the Asian giant hornet},
year = {2020}
publisher = {National Academic of Sciences}
howpublished = "{https://www.pnas.org/content/117/40/24646.full#F1}"
}

@misc{ref: france,
author = {Christelle Robinet, Christelle Suppo, Eric Darrouzet},
title = {Rapid spread of the invasive yellow-legged hornet in France: the role of human-mediated dispersal and the effects of control measures},
year = {2017},
publisher = {Journal of Applied Ecology},
howpublished = "{https://besjournals.onlinelibrary.wiley.com/doi/pdfdirect/10.1111/1365-2664.12724}"

}

@misc{ref =  penn,
author = {unknown},
title = {Asian Giant Hornets},
year = {2020},
publisher = {Pennsylvania State University}
}

@misc{ref: matlabText,
author = {unknown},
title = {Create Simple Text Model for Classification},
publisher = {MathWorks},
howpublished = "{https://www.mathworks.com/help/textanalytics/ug/create-simple-text-model-for-classification.html}"
}

@misc{ref: matlabBayes,
author = {unknown},
title = {Train Naive Bayes Classifiers Using Classification Learner App},
publisher = {MathWorks},
howpublished = "{https://www.mathworks.com/help/stats/Train-Naive-Bayes-Classifiers-Using-Classification-Learner-App.html}"

}